<record><leader>00000cas a22000007a 4500</leader><controlfield tag="001">20973261</controlfield><controlfield tag="008">900130c19879999couwr ne      0    0eng d</controlfield><datafield ind1=" " ind2=" " tag="010"><subfield code="a">sn 90051027 </subfield></datafield><datafield ind1=" " ind2=" " tag="040"><subfield code="a">CNQ</subfield><subfield code="b">eng</subfield><subfield code="c">CNQ</subfield><subfield code="d">OCLCQ</subfield></datafield><datafield ind1=" " ind2=" " tag="042"><subfield code="a">msc</subfield></datafield><datafield ind1="0" ind2=" " tag="130"><subfield code="a">Conejos County citizen (La Jara, Colo. : 1987)</subfield></datafield><datafield ind1="1" ind2="4" tag="245"><subfield code="a">The Conejos County citizen.</subfield></datafield><datafield ind1=" " ind2=" " tag="260"><subfield code="a">La Jara, Conejos County, Colo. :</subfield><subfield code="b">Steve and Cynthia Haynes</subfield></datafield><datafield ind1=" " ind2=" " tag="300"><subfield code="a">v.</subfield></datafield><datafield ind1=" " ind2=" " tag="310"><subfield code="a">Weekly</subfield></datafield><datafield ind1="0" ind2=" " tag="362"><subfield code="a">95th year, no. 36 (Feb. 26, 1987)-96th year, no. 2 (July 9, 1987) ; v. 96, no. 3 (July 16, 1987)-</subfield></datafield><datafield ind1=" " ind2=" " tag="530"><subfield code="a">Available on microfilm from the Colorado Historical Society.</subfield></datafield><datafield ind1=" " ind2=" " tag="752"><subfield code="a">United States</subfield><subfield code="b">Colorado</subfield><subfield code="c">Conejos</subfield><subfield code="d">La Jara.</subfield></datafield><datafield ind1=" " ind2=" " tag="752"><subfield code="a">United States</subfield><subfield code="b">Colorado</subfield><subfield code="c">Costilla.</subfield></datafield><datafield ind1="0" ind2="0" tag="780"><subfield code="t">Citizen (La Jara, Colo. : 1985)</subfield><subfield code="w">(DLC)sn 90051026</subfield></datafield></record>